@misc{ libroClase,
           author = "Anthony Croft",
           title = "Engineering Mathematics",
           publisher = "Pearson",
           year = "2017",
	   edition = 5
}
@misc{ libroIO2,
           author = "Frederick S. Hillier and Gerald J. Lieberman",
           title = "Introducci贸n a la Investigaci贸n de Operaciones",
           publisher = "Mc Graw Hill",
           year = "2010",
	   edition = 9
}
@misc{ libroION2,
           author = "Hamdy A. Taha",
           title = "Investigaci贸n de Operaciones",
           publisher = "Pearson",
           year = "2012",
	   edition = 9
}
@misc{ libroION3,
           author = "Wayne L. Winston",
           title = "Investigaci贸n de Operaciones, Aplicaciones y Algoritmos",
           publisher = "Thomson",
           year = "2005",
	   edition = 4
}
@misc{ libroION4,
           author = "Henk C. Tijms",
           title = "A First Course in Stochastic Models",
           publisher = "Wiley",
           year = "2003"
}
